%BOOKS
@book{Bass:03,
    author = "Len Bass and Paul Clements and Rick Kazman",
    title = "Software architecture in practice",
    edition = "second",
    publisher = "Addison-Wesley Professional",
    year = "2003"
}

@book{Buschmann:07,
    author = "Frank Buschmann and Kevlin Henney and Douglas C. Schmidt",
    title = "A Pattern Language for Distributed Computing",
    publisher = "John Wiley \& Sons Ltd.",
    year = "2007",
    volume = "4",
    series = "Pattern-Oriented Software Architecture"
}
